<?xml version="1.0" encoding="UTF-8"?><collection xmlns="http://www.loc.gov/MARC21/slim"><record><leader>00522nam--2200193-i-4500</leader><controlfield tag="001">000003224</controlfield><controlfield tag="002">20161230</controlfield><controlfield tag="005">20161230201025</controlfield><controlfield tag="008">060222s1000------------r-----000-0-rum-d</controlfield><datafield ind1=" " ind2=" " tag="040"><subfield code="a">IFIN-HH</subfield></datafield><datafield ind1=" " ind2=" " tag="041"><subfield code="a">rum</subfield></datafield><datafield ind1=" " ind2=" " tag="080"><subfield code="a">537.633(043.2)</subfield></datafield><datafield ind1="1" ind2=" " tag="100"><subfield code="a">Nita, Marian</subfield></datafield><datafield ind1="1" ind2="0" tag="245"><subfield code="a">Magnetotransport in sisteme mezoscopice bidimensionale</subfield><subfield code="b">Teza</subfield><subfield code="c">Marian nita</subfield></datafield><datafield ind1=" " ind2=" " tag="260"><subfield code="a">Bucuresti</subfield><subfield code="b">Ifa</subfield><subfield code="c">2004</subfield></datafield><datafield ind1=" " ind2=" " tag="300"><subfield code="a">97P</subfield></datafield><datafield ind1=" " ind2=" " tag="502"><subfield code="a">Coordonator:Prof.Dr. Alexandru Aldea</subfield></datafield><datafield ind1=" " ind2=" " tag="852"><subfield code="a">81550</subfield><subfield code="c">537.533</subfield></datafield><datafield ind1=" " ind2=" " tag="CAT"><subfield code="a">Sys</subfield><subfield code="c">20110830</subfield><subfield code="h">164732</subfield></datafield></record></collection>